---
---

@article{perez2011python
,	title	= {Python: an ecosystem for scientific computing}
,	author	= {Perez, Fernando and Granger, Brian E and Hunter, John D}
,	journal	= {Computing in Science \& Engineering}
,	volume	= {13}
,	number	= {2}
,	pages	= {13--21}
,	year	= {2011}
,	publisher	= {AIP Publishing}
}

@book{Cormen,
	author = {Cormen, Thomas and Leiserson, Charles},
	title = {{Algorithmique : cours avec 957 exercices et 158 problèmes}},
	publisher = {Dunod},
	year = {2010},
	series = {Sciences sup},
	address = {Paris},
	edition = {3e édition}
}
